
@article{nowok_synthpop:_2016,
	title = {synthpop: {Bespoke} {Creation} of {Synthetic} {Data} in {R}},
	volume = {74},
	issn = {1548-7660},
	shorttitle = {\textbf{synthpop}},
	url = {http://www.jstatsoft.org/v74/i11/},
	doi = {10.18637/jss.v074.i11},
	language = {en},
	number = {11},
	urldate = {2017-01-16TZ},
	journal = {Journal of Statistical Software},
	author = {Nowok, Beata and Raab, Gillian M. and Dibben, Chris},
	year = {2016}
}

@article{kavroudakis_sms:_2015,
	title = {sms: {An} {R} {Package} for the {Construction} of {Microdata} for {Geographical} {Analysis}},
	volume = {68},
	issn = {1548-7660},
	shorttitle = {\textbf{sms}},
	url = {http://www.jstatsoft.org/v68/i02/},
	doi = {10.18637/jss.v068.i02},
	language = {en},
	number = {2},
	urldate = {2017-01-16TZ},
	journal = {Journal of Statistical Software},
	author = {Kavroudakis, Dimitris},
	year = {2015}
}